%% LaTeX2e file `CLB.bib'
%% generated by the `filecontents' environment
%% from source `CLB' on 2021/04/03.
%%
%-------------------------------------------------------------------------------

@inproceedings{vayghan2019microservice,
  title={Microservice based architecture: Towards high-availability for stateful applications with kubernetes},
  author={Vayghan, Leila Abdollahi and Saied, Mohamed Aymen and Toeroe, Maria and Khendek, Ferhat},
  booktitle={2019 IEEE 19th international conference on software quality, reliability and security (QRS)},
  pages={176--185},
  year={2019},
  organization={IEEE}
}
@inproceedings{medel2016modelling,
  title={Modelling performance \& resource management in kubernetes},
  author={Medel, V{\'\i}ctor and Rana, Omer and Ba{\~n}ares, Jos{\'e} {\'A}ngel and Arronategui, Unai},
  booktitle={Proceedings of the 9th International Conference on Utility and Cloud Computing},
  pages={257--262},
  year={2016}
}
@inproceedings{sharma2020docker,
  title={Docker for multi-containers web application},
  author={Sharma, Vivek and Saxena, Harsh Kumar and Singh, Akhilesh Kumar},
  booktitle={2020 2nd International Conference on Innovative Mechanisms for Industry Applications (ICIMIA)},
  pages={589--592},
  year={2020},
  organization={IEEE}
}
@inproceedings{amaral2015performance,
  title={Performance evaluation of microservices architectures using containers},
  author={Amaral, Marcelo and Polo, Jorda and Carrera, David and Mohomed, Iqbal and Unuvar, Merve and Steinder, Malgorzata},
  booktitle={2015 ieee 14th international symposium on network computing and applications},
  pages={27--34},
  year={2015},
  organization={IEEE}
}
@inproceedings{zhang2019grit,
  title={GRIT: consistent distributed transactions across polyglot microservices with multiple databases},
  author={Zhang, Guogen and Ren, Kun and Ahn, Jung-Sang and Ben-Romdhane, Sami},
  booktitle={2019 IEEE 35th International Conference on Data Engineering (ICDE)},
  pages={2024--2027},
  year={2019},
  organization={IEEE}
}