%% LaTeX2e file `CLB.bib'
%% generated by the `filecontents' environment
%% from source `CLB' on 2021/04/03.
%%
%-------------------------------------------------------------------------------

@inproceedings{vayghan2019microservice,
  title={Microservice based architecture: Towards high-availability for stateful applications with kubernetes},
  author={Vayghan, Leila Abdollahi and Saied, Mohamed Aymen and Toeroe, Maria and Khendek, Ferhat},
  booktitle={2019 IEEE 19th international conference on software quality, reliability and security (QRS)},
  pages={176--185},
  year={2019},
  organization={IEEE}
}
@inproceedings{medel2016modelling,
  title={Modelling performance \& resource management in kubernetes},
  author={Medel, V{\'\i}ctor and Rana, Omer and Ba{\~n}ares, Jos{\'e} {\'A}ngel and Arronategui, Unai},
  booktitle={Proceedings of the 9th International Conference on Utility and Cloud Computing},
  pages={257--262},
  year={2016}
}
@inproceedings{sharma2020docker,
  title={Docker for multi-containers web application},
  author={Sharma, Vivek and Saxena, Harsh Kumar and Singh, Akhilesh Kumar},
  booktitle={2020 2nd International Conference on Innovative Mechanisms for Industry Applications (ICIMIA)},
  pages={589--592},
  year={2020},
  organization={IEEE}
}
@inproceedings{amaral2015performance,
  title={Performance evaluation of microservices architectures using containers},
  author={Amaral, Marcelo and Polo, Jorda and Carrera, David and Mohomed, Iqbal and Unuvar, Merve and Steinder, Malgorzata},
  booktitle={2015 ieee 14th international symposium on network computing and applications},
  pages={27--34},
  year={2015},
  organization={IEEE}
}
@inproceedings{zhang2019grit,
  title={GRIT: consistent distributed transactions across polyglot microservices with multiple databases},
  author={Zhang, Guogen and Ren, Kun and Ahn, Jung-Sang and Ben-Romdhane, Sami},
  booktitle={2019 IEEE 35th International Conference on Data Engineering (ICDE)},
  pages={2024--2027},
  year={2019},
  organization={IEEE}
}
@inproceedings{escobar2016towards,
  author={Escobar, Daniel and Cárdenas, Diana and Amarillo, Rolando and Castro, Eddie and Garcés, Kelly and Parra, Carlos and Casallas, Rubby},
  booktitle={2016 XLII Latin American Computing Conference (CLEI)}, 
  title={Towards the understanding and evolution of monolithic applications as microservices}, 
  year={2016},
  volume={},
  number={},
  pages={1-11},
  doi={10.1109/CLEI.2016.7833410}
}
@inproceedings{siddiq2014comprehen,
  author={Siddiqui, Tamanna and Siddiqui, Shadab Alam and Khan, Najeeb Ahmad},
  booktitle={2019 4th International Conference on Information Systems and Computer Networks (ISCON)}, 
  title={Comprehensive Analysis of Container Technology}, 
  year={2019},
  volume={},
  number={},
  pages={218-223},
  doi={10.1109/ISCON47742.2019.9036238}
}
@inproceedings{kho2018auto,
  author={Kho Lin, San and Altaf, Umer and Jayaputera, Glenn and Li, Jiajie and Marques, Davis and Meggyesy, David and Sarwar, Sulman and Sharma, Shivank and Voorsluys, William and Sinnott, Richard and Novak, Ana and Nguyen, Vivian and Pash, Kristan},
  booktitle={2018 IEEE/ACM International Conference on Utility and Cloud Computing Companion (UCC Companion)}, 
  title={Auto-Scaling a Defence Application across the Cloud Using Docker and Kubernetes}, 
  year={2018},
  volume={},
  number={},
  pages={327-334},
  doi={10.1109/UCC-Companion.2018.00076}
}
@inproceedings{gupta2020deploy,
  author={Gupta, Ambika and Goswami, Pragati and Chaudhary, Nishi and Bansal, Rashi},
  booktitle={2020 2nd International Conference on Innovative Mechanisms for Industry Applications (ICIMIA)}, 
  title={Deploying an Application using Google Cloud Platform}, 
  year={2020},
  volume={},
  number={},
  pages={236-239},
  doi={10.1109/ICIMIA48430.2020.9074911}
}