%% LaTeX2e file `CLB.bib'
%% generated by the `filecontents' environment
%% from source `CLB' on 2021/04/03.
%%
%-------------------------------------------------------------------------------
@article{robin2022clb,
  title={{CLB: Coarse-Grained Precision Traffic-Aware Weighted Cost Multipath Load Balancing on PISA}},
  author={Robin, Debobroto Das and Khan, Javed I},
  journal={IEEE Transactions on Network and Service Management},
  year={2022},
  publisher={IEEE}
}

@article{robin2021p4kp,
  title={{P4KP: QoS-Aware Top-K Best Path Using Programmable Switch}},
  author={Robin, Debobroto Das and Khan, Javed I},
  journal={IEEE Access},
  volume={9},
  pages={109115--109129},
  year={2021},
  publisher={IEEE}
}


@article{robin2022p4te,
  title={{P4TE: PISA switch based traffic engineering in fat-tree data center networks}},
  author={Robin, Debobroto Das and Khan, Javed I},
  journal={Computer Networks},
  pages={109210},
  year={2022},
  publisher={Elsevier}
}


@article{robin2022preprint,
  title={Preprint: Open Source Compiling for V1Model RMT Switch: Making Data Center Networking Innovation Accessible},
  author={Robin, Debobroto Das and Khan, Javed I},
  journal={arXiv preprint arXiv:2211.11916},
  year={2022}
}